<?xml version="1.0" encoding="UTF-8"?><collection xmlns="http://www.loc.gov/MARC21/slim"><record><leader>00360nam--2200133-i-4500</leader><controlfield tag="001">000044613</controlfield><controlfield tag="002">20161230</controlfield><controlfield tag="005">20161230201044</controlfield><controlfield tag="008">060222s1000------------r-----000-0-eng-d</controlfield><datafield ind1=" " ind2=" " tag="080"><subfield code="a">621.772</subfield></datafield><datafield ind1=" " ind2=" " tag="100"><subfield code="a">Thielsch, Helmut</subfield></datafield><datafield ind1=" " ind2=" " tag="245"><subfield code="a">Defects and faileurs in pressure vessels and piping</subfield></datafield><datafield ind1=" " ind2=" " tag="260"><subfield code="a">New York, Reinhold Publ.Corp., 1966, Xviii+427p</subfield></datafield><datafield ind1=" " ind2=" " tag="852"><subfield code="a">30345</subfield></datafield></record></collection>